% Encoding: UTF-8

@InProceedings{Gajos2015,
  author    = {Gajos, Katharina and York, Krzysztof and Ny, Usa},
  booktitle = {Proceedings of the 18th ACM Conference on Computer Supported Cooperative Work \& Social Computing},
  title     = {{LabintheWild: Conducting Large-Scale Online Experiments With Uncompensated Samples}},
  year      = {2015},
  pages     = {1364–1378},
  publisher = {{Association for Computing Machinery}},
  series    = {CSCW '15},
  doi       = {10.1145/2675133.2675246},
  url       = {https://doi.org/10.1145/2675133.2675246},
}
{-1,
  author = {St{o}ter, } and Bayerlein, Fabian-Robert and Edler, Harald and Herre, Bernd and J{u}rgen}},
  booktitle = {"

@InProceedings{Schoeffler2013,
  author    = {Michael Schoeffler and Fabian-Robert Stöter and Harald Bayerlein and Bernd Edler and Jürgen Herre},
  booktitle = {ISMIR},
  title     = {{An Experiment about Estimating the Number of Instruments in Polyphonic Music: A Comparison Between Internet and Laboratory Results}},
  year      = {2013},
  pages     = {389--394},
}

@Article{RRMWSC2013,
  author  = {Robert S. Ryan and Mara Wilde and Samantha Crist},
  journal = {{Computers in Human Behavior}},
  title   = {{Compared to a small, supervised lab experiment, a large, unsupervised web-based experiment on a previously unknown effect has benefits that outweigh its potential costs}},
  year    = {2013},
  issn    = {{0747-5632}},
  number  = {4},
  pages   = {{1295-1301}},
  volume  = {29},
  doi     = {10.1016/j.chb.2013.01.024},
  url     = {https://doi.org/10.1016/j.chb.2013.01.024},
}

@Article{Mathot2012,
  author  = {S. Mathôt and D. Schreij and J. Theeuwes},
  journal = {{Behavior Research Methods}},
  title   = {{OpenSesame: An open-source graphical experiment builder for the social sciences}},
  year    = {2012},
  number  = {2},
  pages   = {314-324},
  volume  = {44},
  doi     = {10.3758/s13428-011-0168-7},
}

@Misc{Stoet2012,
  author = {Gijsbert Stoet},
  title  = {{PsyToolkit}},
  year   = {2012},
  url    = {https://www.psytoolkit.org},
}

@Article{Gureckis2016,
  author  = {Todd M. Gureckis and Jay Martin and John McDonnell and Alexander S. Rich and Doug Markant and Anna Coenen and David Halpern and Jessica B. Hamrick and Patricia Chan},
  journal = {Behavioral Research Methods},
  title   = {{psiTurk: An open-source framework for conducting replicable behavioral experiments online.}},
  year    = {2016},
  number  = {3},
  pages   = {829-842},
  volume  = {48},
  doi     = {10.3758/s13428-015-0642-8},
  url     = {https://psiturk.org/},
}

@Article{Leeuw2015,
  author  = {J. R. de Leeuw},
  journal = {Behavior Research Methods},
  title   = {{jsPsych: A JavaScript library for creating behavioral experiments in a web browser}},
  year    = {2015},
  number  = {1},
  pages   = {1-12},
  volume  = {47},
  doi     = {10.3758/s13428-014-0458-y},
}

@Article{Fischbacher2010,
  author  = {U. Fischbacher},
  journal = {Experimental Economics},
  title   = {{ z-Tree: Zurich toolbox for ready-made economic experiments.}},
  year    = {2010},
  pages   = {171–178},
  volume  = {10},
  doi     = {10.1007/s10683-006-9159-4},
}

@Article{Giamattei2020,
  author  = {Marcus Giamattei and Kyanoush Seyed Yahosseini and Simon Gächter and Lucas Molleman},
  journal = {Journal of the Economic Science Association},
  title   = {{LIONESS Lab: a free web-based platform for conducting interactive experiments online.}},
  year    = {2020},
  pages   = {95–111},
  volume  = {6},
  doi     = {10.1007/s40881-020-00087-0},
}

@Misc{Scicovery2018,
  author = {Scicovery},
  title  = {Labvanced},
  year   = {2018},
  url    = {https://www.labvanced.com/},
}

@Misc{Suchow2016,
  author = {J. Suchow},
  title  = {Dallinger. Laboratory automation for the behavioral and social sciences; human culture on a chip.},
  year   = {2016},
  url    = {https://github.com/Dallinger/Dallinger},
}

@Misc{You2014,
  author = {Evan You},
  title  = {{Vue.js}},
  year   = {2014},
  url    = {https://vuejs.org/},
}

@Article{Li2020,
  author  = {Qisheng Li and Sung Jun Joo and Jason D. Yeatman and Katharina Reinecke},
  journal = {Scientific Reports},
  title   = {{Controlling for Participants’ Viewing Distance in Large-Scale, Psychophysical Online Experiments Using a Virtual Chinrest}},
  year    = {2020},
  number  = {1},
  pages   = {1-11},
  volume  = {10},
  doi     = {10.1038/s41598-019-57204-1},
}

@Article{Todd2004,
  author  = {J. Todd and R. Marois},
  journal = {Nature},
  title   = {Capacity limit of visual short-term memory in human posterior parietal cortex},
  year    = {2004},
  volume  = {428},
  doi     = {https://doi.org/10.1038/nature02466},
}

@Misc{Henninger2020,
  author = {F. Henninger and Y. Shevchenko and U. K. Mertens and P. J. Kieslich and B. E. Hilbig},
  title  = {lab.js: A free, open, online study builder.},
  year   = {2020},
  doi    = {https://doi.org/10.5281/zenodo.597045},
  url    = {https://lab.js.org/},
}

@Article{Lange2015,
  author  = {K. Lange and S. Kühn and E. Filevich},
  journal = {PLOS ONE},
  title   = {{Just Another Tool for Online Studies (JATOS): An Easy Solution for Setup and Management of Web Servers Supporting Online Studies}},
  year    = {2015},
  number  = {7},
  volume  = {10},
  doi     = {https://doi.org/10.1371/journal.pone.0130834},
}

@Misc{SonaSystems2002,
  author = {{Sona Systems Ltd.}},
  title  = {{Sona Systems Software}},
  year   = {2002},
  url    = {https://www.sona-systems.com},
}

@Misc{Ouyang2016,
  author = {Long Ouyang and Michael Henry Tessler and Daniel Ly and Noah Goodman},
  title  = {Practical optimal experiment design with probabilistic programs},
  year   = {2016},
}

@Comment{jabref-meta: databaseType:bibtex;}
